ISA*00*          *00*          *ZZ*PAYSPAN        *ZZ*PAYER          *250902*1711*{*00501*671494410*0*P*:~GS*HP*VO000021*PROVIDERHIS*20250902*1711*1*X*005010X221A1~ST*835*00001158~BPR*I*69.7*C*ACH*CCP*01*121000248*DA*4941849523*1541414194**01*123000848*DA*153912215321*20250904~TRN*1*0040166909*1541414194~N1*PR*Carelon Behavioral Health, Inc.~N3*Attn Finance Dept~N4*Norfolk*VA*23502~REF*2U*MD5~PER*BL*Carelon Behavioral Health, Inc. EDI HelpDesk*TE*8882479311*EM*esupportservices@carelon.com~N1*PE*WALNUT STREET COMMUNITY HEALTH CTR*XX*1366425266~N3*PO BOX 37039~N4*BELFAST*ME*049151212~REF*TJ*020575163~LX*1~CLP*569159V30195*1*313*270.98**13*01   082225 09599 00009*11~NM1*QC*1*DRUCK*SARAH*L***MI*45504893600~NM1*IL*1*DRUCK*SARAH*L***MI*45504893600~NM1*82*2*WALNUT STREET COMMUNITY HEALTH CTR*****XX*1164431516~REF*1W*45504893600~REF*1J*MD386743~SVC*HC:T1015*313*270.98**1**1~DTM*472*20241216~CAS*CO*45*42.02~REF*6R*001~REF*RB*FMDC~AMT*B6*270.98~LQ*HE*N381~SVC*HC:99214*0*0****1~DTM*472*20241216~REF*6R*002~REF*RB*FMDC~CLP*570918V30195*22*-216*-216**13*01   020525 09777 00093*11~NM1*QC*1*FOLEY*KIM****MI*47905882900~NM1*IL*1*FOLEY*KIM****MI*47905882900~NM1*82*2*WALNUT STREET COMMUNITY HEALTH CTR*****XX*1164431516~REF*1W*47905882900~REF*1J*MD386743~SVC*HC:T1015*-216*-216**1**1~DTM*472*20250108~REF*6R*003~REF*RB*FMDC~AMT*B6*-216~SVC*HC:99213*0*0****1~DTM*472*20250108~REF*6R*004~REF*RB*FMDC~CLP*570918V30195*4*216*0**13*01   082525 08571 00010*11~NM1*QC*1*FOLEY*KIM****MI*47905882900~NM1*IL*1*FOLEY*KIM****MI*47905882900~NM1*82*2*WALNUT STREET COMMUNITY HEALTH CTR*****XX*1164431516~REF*1W*47905882900~REF*1J*MD386743~SVC*HC:T1015*216*0****1~DTM*472*20250108~CAS*CO*B12*216~REF*6R*001~REF*RB*FDUA~LQ*HE*N199~SVC*HC:99213*0*0****1~DTM*472*20250108~REF*6R*002~REF*RB*FDUA~CLP*568334V30195*22*-270*-270**13*01   010825 09853 00101*11~NM1*QC*1*HUGHES*WALKER****MI*11514710570~NM1*IL*1*HUGHES*WALKER****MI*11514710570~NM1*82*2*WALNUT STREET COMMUNITY HEALTH CTR*****XX*1235799206~REF*1W*11514710570~REF*1J*MD386743~SVC*HC:T1015*-270*-270**1**1~DTM*472*20241209~REF*6R*003~REF*RB*FMDC~AMT*B6*-270~SVC*HC:90837*0*0****1~DTM*472*20241209~REF*6R*004~REF*RB*FMDC~CLP*570088V30195*22*-270*-270**13*01   020525 09777 00108*11~NM1*QC*1*HUGHES*WALKER****MI*11514710570~NM1*IL*1*HUGHES*WALKER****MI*11514710570~NM1*82*2*WALNUT STREET COMMUNITY HEALTH CTR*****XX*1235799206~REF*1W*11514710570~REF*1J*MD386743~SVC*HC:T1015*-270*-270**1**1~DTM*472*20241223~REF*6R*003~REF*RB*FMDC~AMT*B6*-270~SVC*HC:90837*0*0****1~DTM*472*20241223~REF*6R*004~REF*RB*FMDC~CLP*569972V30195*22*-313*-270.98**13*01   020625 09805 00053*11~NM1*QC*1*HUGHES*WALKER****MI*11514710570~NM1*IL*1*HUGHES*WALKER****MI*11514710570~NM1*82*2*WALNUT STREET COMMUNITY HEALTH CTR*****XX*1295138071~REF*1W*11514710570~REF*1J*MD386743~SVC*HC:T1015*-313*-270.98**1**1~DTM*472*20241220~CAS*CO*45*-42.02~REF*6R*003~REF*RB*FMDC~AMT*B6*-270.98~LQ*HE*N199~SVC*HC:99214*0*0****1~DTM*472*20241220~REF*6R*004~REF*RB*FMDC~CLP*570088V30195*2*270*184.18**13*01   082625 08571 00023*11~NM1*QC*1*HUGHES*WALKER****MI*11514710570~NM1*IL*1*HUGHES*WALKER****MI*11514710570~NM1*82*2*WALNUT STREET COMMUNITY HEALTH CTR*****XX*1235799206~REF*1W*11514710570~REF*1J*MD386743~SVC*HC:T1015*270*184.18**1**1~DTM*472*20241223~REF*6R*001~REF*RB*FMDC~AMT*B6*270~SVC*HC:90837*0*0****1~DTM*472*20241223~REF*6R*002~REF*RB*FMDC~CLP*568334V30195*2*270*184.18**13*01   082625 08571 00024*11~NM1*QC*1*HUGHES*WALKER****MI*11514710570~NM1*IL*1*HUGHES*WALKER****MI*11514710570~NM1*82*2*WALNUT STREET COMMUNITY HEALTH CTR*****XX*1235799206~REF*1W*11514710570~REF*1J*MD386743~SVC*HC:T1015*270*184.18**1**1~DTM*472*20241209~REF*6R*001~REF*RB*FMDC~AMT*B6*270~SVC*HC:90837*0*0****1~DTM*472*20241209~REF*6R*002~REF*RB*FMDC~CLP*569972V30195*2*313*186.36**13*01   082625 08571 00025*11~NM1*QC*1*HUGHES*WALKER****MI*11514710570~NM1*IL*1*HUGHES*WALKER****MI*11514710570~NM1*82*2*WALNUT STREET COMMUNITY HEALTH CTR*****XX*1295138071~REF*1W*11514710570~REF*1J*MD386743~SVC*HC:T1015*313*186.36**1**1~DTM*472*20241220~CAS*CO*45*42.02~CAS*OA*23*84.62~REF*6R*001~REF*RB*FMDC~AMT*B6*270.98~LQ*HE*N199~SVC*HC:99214*0*0****1~DTM*472*20241220~REF*6R*002~REF*RB*FMDC~CLP*0*4*270.98*0**13*01   081525 09577 17574*11~NM1*QC*1*KRUGH*JEFFREY*F***MI*21030017570~NM1*IL*1*KRUGH*JEFFREY*F***MI*21030017570~NM1*82*2*WALNUT STREET COMMUNITY HEALTH CTR*****XX*1164431516~REF*1W*21030017570~REF*1J*MD386743~SVC*HC:T1015*270.98*0****1~DTM*472*20241127~CAS*CO*16*270.98~REF*6R*001~REF*RB*FDUA~LQ*HE*N245~SVC*HC:99214*0*0****1~DTM*472*20241127~REF*6R*002~REF*RB*FDUA~CLP*0*4*270.98*0**13*01   081525 09577 17575*11~NM1*QC*1*KRUGH*JEFFREY*F***MI*21030017570~NM1*IL*1*KRUGH*JEFFREY*F***MI*21030017570~NM1*82*2*WALNUT STREET COMMUNITY HEALTH CTR*****XX*1235799206~REF*1W*21030017570~REF*1J*MD386743~SVC*HC:90832*0*0****1~DTM*472*20241126~REF*6R*001~REF*RB*FDUA~SVC*HC:T1015*270.98*0****1~DTM*472*20241126~CAS*CO*16*270.98~REF*6R*002~REF*RB*FDUA~LQ*HE*N245~CLP*0*4*270.98*0**13*01   081525 09577 07646*11~NM1*QC*1*MORRIS*MARY*J***MI*21076650530~NM1*IL*1*MORRIS*MARY*J***MI*21076650530~NM1*82*2*WALNUT STREET COMMUNITY HEALTH CTR*****XX*1164431516~REF*1W*21076650530~REF*1J*MD386743~SVC*HC:T1015*270.98*0****1~DTM*472*20241105~CAS*CO*16*270.98~REF*6R*001~REF*RB*FDUA~LQ*HE*N245~SVC*HC:99213*0*0****1~DTM*472*20241105~REF*6R*002~REF*RB*FDUA~CLP*0*4*270.98*0**13*01   081525 09577 07671*11~NM1*QC*1*MORRIS*MARY*J***MI*21076650530~NM1*IL*1*MORRIS*MARY*J***MI*21076650530~NM1*82*2*WALNUT STREET COMMUNITY HEALTH CTR*****XX*1164431516~REF*1W*21076650530~REF*1J*MD386743~SVC*HC:T1015*270.98*0****1~DTM*472*20241001~CAS*CO*16*270.98~REF*6R*001~REF*RB*FDUA~LQ*HE*N245~SVC*HC:99214*0*0****1~DTM*472*20241001~REF*6R*002~REF*RB*FDUA~CLP*13489V30195*1*313*270.98**13*01   082725 09669 00036*11~NM1*QC*1*WALLACE*HAEVYN****MI*11473398710~NM1*IL*1*WALLACE*HAEVYN****MI*11473398710~NM1*82*2*WALNUT STREET COMMUNITY HEALTH CTR*****XX*1295138071~REF*1W*11473398710~REF*1J*MD386743~SVC*HC:T1015*313*270.98**1**1~DTM*472*20241004~CAS*CO*45*42.02~REF*6R*001~REF*RB*FMDC~AMT*B6*270.98~LQ*HE*N381~SVC*HC:99214*0*0****1~DTM*472*20241004~REF*6R*002~REF*RB*FMDC~SE*238*00001158~GE*1*1~IEA*1*67149441012~
