ISA*00*          *00*          *ZZ*PAYSPAN        *ZZ*PAYER          *250826*1256*{*00501*669921483*0*P*:~GS*HP*VO000021*PROVIDERHIS*20250826*1256*1*X*005010X221A1~ST*835*00001184~BPR*I*603.36*C*ACH*CCP*01*121000248*DA*4941849523*1541414194**01*123000848*DA*153912215321*20250828~TRN*1*0040163038*1541414194~N1*PR*Carelon Behavioral Health, Inc.~N3*Attn Finance Dept~N4*Norfolk*VA*23502~REF*2U*MD5~PER*BL*Carelon Behavioral Health, Inc. EDI HelpDesk*TE*8882479311*EM*esupportservices@carelon.com~N1*PE*WALNUT STREET COMMUNITY HEALTH CTR*XX*1366425266~N3*PO BOX 37039~N4*BELFAST*ME*049151212~REF*TJ*020575163~LX*1~CLP*0*4*270.98*0**13*01   081525 09577 08967*11~NM1*QC*1*ARMSTRONG*JACQUELINE*A***MI*21045137620~NM1*IL*1*ARMSTRONG*JACQUELINE*A***MI*21045137620~NM1*82*2*WALNUT STREET COMMUNITY HEALTH CTR*****XX*1295138071~REF*1W*21045137620~REF*1J*MD386743~SVC*HC:T1015*270.98*0****1~DTM*472*20240906~CAS*CO*177*270.98~REF*6R*001~CLP*0*4*270.98*0**13*01   081525 09577 08917*11~NM1*QC*1*BAILEY*AMIRA*M***MI*46105968000~NM1*IL*1*BAILEY*AMIRA*M***MI*46105968000~NM1*82*2*WALNUT STREET COMMUNITY HEALTH CTR*****XX*1487248548~REF*1W*46105968000~REF*1J*MD386743~SVC*HC:T1015*270.98*0****1~DTM*472*20241024~CAS*CO*18*270.98~REF*6R*001~REF*RB*FMDC~SVC*HC:90792*0*0****1~DTM*472*20241024~REF*6R*002~REF*RB*FMDC~CLP*0*4*270.98*0**13*01   081525 09577 08941*11~NM1*QC*1*BAILEY*AMIRA*M***MI*46105968000~NM1*IL*1*BAILEY*AMIRA*M***MI*46105968000~NM1*82*2*WALNUT STREET COMMUNITY HEALTH CTR*****XX*1487248548~REF*1W*46105968000~REF*1J*MD386743~SVC*HC:T1015*270.98*0****1~DTM*472*20241202~CAS*CO*18*270.98~REF*6R*001~REF*RB*FMDC~SVC*HC:99214*0*0****1~DTM*472*20241202~REF*6R*002~REF*RB*FMDC~CLP*0*4*121*0**13*01   081525 09577 17573*11~NM1*QC*1*DOTSON*PAMELA*D***MI*43001770700~NM1*IL*1*DOTSON*PAMELA*D***MI*43001770700~NM1*82*2*WALNUT STREET COMMUNITY HEALTH CTR*****XX*1972016772~REF*1W*43001770700~REF*1J*MD386743~SVC*HC:90853*121*0****1~DTM*472*20241202~CAS*CO*177*121~REF*6R*001~CLP*0*4*270.98*0**13*01   081525 09577 08935*11~NM1*QC*1*ECKLOFF*NELLIE*E***MI*21068646720~NM1*IL*1*ECKLOFF*NELLIE*E***MI*21068646720~NM1*82*2*WALNUT STREET COMMUNITY HEALTH CTR*****XX*1972016772~REF*1W*21068646720~REF*1J*MD386743~SVC*HC:90832:GT*270.98*0****1~DTM*472*20241212~CAS*CO*45*270.98~REF*6R*001~REF*RB*FMDC~LQ*HE*N516~CLP*0*1*270.98*270.98**13*01   081525 09577 08192*11~NM1*QC*1*ENTSMINGER*ABIGAIL****MI*49205583400~NM1*IL*1*ENTSMINGER*ABIGAIL****MI*49205583400~NM1*82*2*WALNUT STREET COMMUNITY HEALTH CTR*****XX*1023164829~REF*1W*49205583400~REF*1J*MD386743~SVC*HC:T1015*270.98*270.98**1**1~DTM*472*20241119~REF*6R*001~REF*RB*FMDC~AMT*B6*270.98~SVC*HC:90837*0*0****1~DTM*472*20241119~REF*6R*002~REF*RB*FMDC~CLP*0*4*270.98*0**13*01   081525 09577 16232*11~NM1*QC*1*ENTSMINGER*ABIGAIL****MI*49205583400~NM1*IL*1*ENTSMINGER*ABIGAIL****MI*49205583400~NM1*82*2*WALNUT STREET COMMUNITY HEALTH CTR*****XX*1023164829~REF*1W*49205583400~REF*1J*MD386743~SVC*HC:T1015*270.98*0****1~DTM*472*20241126~CAS*CO*18*270.98~REF*6R*001~REF*RB*FMDC~SVC*HC:90837*0*0****1~DTM*472*20241126~REF*6R*002~REF*RB*FMDC~CLP*0*4*270.98*0**13*01   081525 09577 17736*11~NM1*QC*1*EVERETT*ROWAN*H***MI*11491916500~NM1*IL*1*EVERETT*ROWAN*H***MI*11491916500~NM1*82*2*WALNUT STREET COMMUNITY HEALTH CTR*****XX*1295138071~REF*1W*11491916500~REF*1J*MD386743~SVC*HC:T1015*270.98*0****1~DTM*472*20241011~CAS*CO*18*270.98~REF*6R*001~REF*RB*FMDC~SVC*HC:99214*0*0****1~DTM*472*20241011~REF*6R*002~REF*RB*FMDC~CLP*0*4*270.98*0**13*01   081525 09577 08899*11~NM1*QC*1*HOFFMAN*CHERA*L***MI*48302184400~NM1*IL*1*HOFFMAN*CHERA*L***MI*48302184400~NM1*82*2*WALNUT STREET COMMUNITY HEALTH CTR*****XX*1487248548~REF*1W*48302184400~REF*1J*MD386743~SVC*HC:T1015*270.98*0****1~DTM*472*20241216~CAS*CO*18*270.98~REF*6R*001~REF*RB*FMDC~SVC*HC:99214*0*0****1~DTM*472*20241216~REF*6R*002~REF*RB*FMDC~CLP*0*4*270.98*0**13*01   081525 09577 08962*11~NM1*QC*1*HOZAK*FRANCIS****MI*10050907620~NM1*IL*1*HOZAK*FRANCIS****MI*10050907620~NM1*82*2*WALNUT STREET COMMUNITY HEALTH CTR*****XX*1164431516~REF*1W*10050907620~REF*1J*MD386743~SVC*HC:T1015*270.98*0****1~DTM*472*20240911~CAS*CO*177*270.98~REF*6R*001~SVC*HC:99213*0*0****1~DTM*472*20240911~REF*6R*002~REF*RB*FDUA~CLP*0*1*0*0**13*01   081525 09577 17587*11~NM1*QC*1*HOZAK*FRANCIS****MI*10050907620~NM1*IL*1*HOZAK*FRANCIS****MI*10050907620~NM1*82*2*WALNUT STREET COMMUNITY HEALTH CTR*****XX*1487248548~REF*1W*10050907620~REF*1J*MD386743~SVC*HC:99213*0*0****1~DTM*472*20241108~REF*6R*001~CLP*0*4*270.98*0**13*01   081525 09577 08966*11~NM1*QC*1*HUGHES*KATHLEEN*L***MI*21042762600~NM1*IL*1*HUGHES*KATHLEEN*L***MI*21042762600~NM1*82*2*WALNUT STREET COMMUNITY HEALTH CTR*****XX*1164431516~REF*1W*21042762600~REF*1J*MD386743~SVC*HC:T1015*270.98*0****1~DTM*472*20241025~CAS*CO*177*270.98~REF*6R*001~SVC*HC:99214*0*0****1~DTM*472*20241025~REF*6R*002~REF*RB*FDUA~CLP*0*4*270.98*0**13*01   081525 09577 16207*11~NM1*QC*1*HUGHES*WALKER****MI*11514710570~NM1*IL*1*HUGHES*WALKER****MI*11514710570~NM1*82*2*WALNUT STREET COMMUNITY HEALTH CTR*****XX*1235799206~REF*1W*11514710570~REF*1J*MD386743~SVC*HC:T1015*270.98*0****1~DTM*472*20241121~CAS*CO*18*270.98~REF*6R*001~REF*RB*FMDC~SVC*HC:90837*0*0****1~DTM*472*20241121~REF*6R*002~REF*RB*FMDC~CLP*0*4*270.98*0**13*01   081525 09577 17741*11~NM1*QC*1*MARTIN*KARLA*S***MI*40303229400~NM1*IL*1*MARTIN*KARLA*S***MI*40303229400~NM1*82*2*WALNUT STREET COMMUNITY HEALTH CTR*****XX*1164431516~REF*1W*40303229400~REF*1J*MD386743~SVC*HC:T1015*270.98*0****1~DTM*472*20241015~CAS*CO*18*270.98~REF*6R*001~REF*RB*FMDC~SVC*HC:99214*0*0****1~DTM*472*20241015~REF*6R*002~REF*RB*FMDC~CLP*0*4*270.98*0**13*01   081525 09577 17577*11~NM1*QC*1*MARTINEZ GRANADOS*OLGA*M***MI*02198773900~NM1*IL*1*MARTINEZ GRANADOS*OLGA*M***MI*02198773900~NM1*82*2*WALNUT STREET COMMUNITY HEALTH CTR*****XX*1659926400~REF*1W*02198773900~REF*1J*MD386743~SVC*HC:T1015*270.98*0****1~DTM*472*20240517~CAS*CO*16*270.98~REF*6R*001~REF*RB*FMDC~LQ*HE*N245~SVC*HC:90837*0*0****1~DTM*472*20240517~REF*6R*002~REF*RB*FMDC~CLP*0*4*270.98*0**13*01   081525 09577 17585*11~NM1*QC*1*MARTINEZ GRANADOS*OLGA*M***MI*02198773900~NM1*IL*1*MARTINEZ GRANADOS*OLGA*M***MI*02198773900~NM1*82*2*WALNUT STREET COMMUNITY HEALTH CTR*****XX*1659926400~REF*1W*02198773900~REF*1J*MD386743~SVC*HC:T1015*270.98*0****1~DTM*472*20240729~CAS*CO*18*270.98~REF*6R*001~REF*RB*FMDC~SVC*HC:90834*0*0****1~DTM*472*20240729~REF*6R*002~REF*RB*FMDC~CLP*0*4*270.98*0**13*01   081525 09577 17588*11~NM1*QC*1*MARTINEZ GRANADOS*OLGA*M***MI*02198773900~NM1*IL*1*MARTINEZ GRANADOS*OLGA*M***MI*02198773900~NM1*82*2*WALNUT STREET COMMUNITY HEALTH CTR*****XX*1659926400~REF*1W*02198773900~REF*1J*MD386743~SVC*HC:T1015*270.98*0****1~DTM*472*20240531~CAS*CO*18*270.98~REF*6R*001~REF*RB*FMDC~SVC*HC:90837*0*0****1~DTM*472*20240531~REF*6R*002~REF*RB*FMDC~CLP*0*4*270.98*0**13*01   081525 09577 08964*11~NM1*QC*1*MOLLOY*MARY*S***MI*21072609590~NM1*IL*1*MOLLOY*MARY*S***MI*21072609590~NM1*82*2*WALNUT STREET COMMUNITY HEALTH CTR*****XX*1659926400~REF*1W*21072609590~REF*1J*MD386743~SVC*HC:T1015*270.98*0****1~DTM*472*20241022~CAS*CO*16*270.98~REF*6R*001~REF*RB*FDUA~LQ*HE*N245~SVC*HC:90834*0*0****1~DTM*472*20241022~REF*6R*002~REF*RB*FDUA~CLP*0*4*270.98*0**13*01   081525 09577 17572*11~NM1*QC*1*MONTAGUE*ASHLEY****MI*15023272930~NM1*IL*1*MONTAGUE*ASHLEY****MI*15023272930~NM1*82*2*WALNUT STREET COMMUNITY HEALTH CTR*****XX*1487248548~REF*1W*15023272930~REF*1J*MD386743~SVC*HC:T1015*270.98*0****1~DTM*472*20241203~CAS*CO*177*270.98~REF*6R*001~SVC*HC:99214*0*0****1~DTM*472*20241203~REF*6R*002~REF*RB*FDUA~CLP*0*4*270.98*0**13*01   081525 09577 08193*11~NM1*QC*1*MULLINEX*NANCY****MI*44402935900~NM1*IL*1*MULLINEX*NANCY****MI*44402935900~NM1*82*2*WALNUT STREET COMMUNITY HEALTH CTR*****XX*1164431516~REF*1W*44402935900~REF*1J*MD386743~SVC*HC:T1015*270.98*0****1~DTM*472*20241127~CAS*CO*177*270.98~REF*6R*001~SVC*HC:99213*0*0****1~DTM*472*20241127~REF*6R*002~REF*RB*FDUA~CLP*0*4*270.98*0**13*01   081525 09577 08963*11~NM1*QC*1*PARKER*DONNA*M***MI*21064837000~NM1*IL*1*PARKER*DONNA*M***MI*21064837000~NM1*82*2*WALNUT STREET COMMUNITY HEALTH CTR*****XX*1235799206~REF*1W*21064837000~REF*1J*MD386743~SVC*HC:T1015*270.98*0****1~DTM*472*20240820~CAS*CO*177*270.98~REF*6R*001~CLP*0*4*270.98*0**13*01   081525 09577 08968*11~NM1*QC*1*PARKER*DONNA*M***MI*21064837000~NM1*IL*1*PARKER*DONNA*M***MI*21064837000~NM1*82*2*WALNUT STREET COMMUNITY HEALTH CTR*****XX*1164431516~REF*1W*21064837000~REF*1J*MD386743~SVC*HC:T1015*270.98*0****1~DTM*472*20240812~CAS*CO*177*270.98~REF*6R*001~CLP*0*4*270.98*0**13*01   081525 09577 08969*11~NM1*QC*1*PARKER*DONNA*M***MI*21064837000~NM1*IL*1*PARKER*DONNA*M***MI*21064837000~NM1*82*2*WALNUT STREET COMMUNITY HEALTH CTR*****XX*1235799206~REF*1W*21064837000~REF*1J*MD386743~SVC*HC:T1015*270.98*0****1~DTM*472*20241022~CAS*CO*177*270.98~REF*6R*001~CLP*0*4*270.98*0**13*01   081525 09577 16204*11~NM1*QC*1*PAZ*BREANNA****MI*11483679960~NM1*IL*1*PAZ*BREANNA****MI*11483679960~NM1*82*2*WALNUT STREET COMMUNITY HEALTH CTR*****XX*1912428061~REF*1W*11483679960~REF*1J*MD386743~SVC*HC:T1015*270.98*0****1~DTM*472*20241218~CAS*CO*18*270.98~REF*6R*001~REF*RB*FMDC~SVC*HC:90837*0*0****1~DTM*472*20241218~REF*6R*002~REF*RB*FMDC~CLP*0*1*0*0**13*01   081525 09577 16227*11~NM1*QC*1*RAMOS*ENID****MI*43901947000~NM1*IL*1*RAMOS*ENID****MI*43901947000~NM1*82*2*WALNUT STREET COMMUNITY HEALTH CTR*****XX*1295138071~REF*1W*43901947000~REF*1J*MD386743~SVC*HC:99214*0*0****1~DTM*472*20241218~REF*6R*001~REF*RB*FMDC~CLP*0*4*270.98*0**13*01   081525 09577 08979*11~NM1*QC*1*RHINEHART*LYNETTE****MI*47805880400~NM1*IL*1*RHINEHART*LYNETTE****MI*47805880400~NM1*82*2*WALNUT STREET COMMUNITY HEALTH CTR*****XX*1972016772~REF*1W*47805880400~REF*1J*MD386743~SVC*HC:T1015*270.98*0****1~DTM*472*20241212~CAS*CO*18*270.98~REF*6R*001~REF*RB*FMDC~SVC*HC:90834*0*0****1~DTM*472*20241212~REF*6R*002~REF*RB*FMDC~CLP*0*4*270.98*0**13*01   081525 09577 08910*11~NM1*QC*1*RIVERA*LISA*M***MI*41503093100~NM1*IL*1*RIVERA*LISA*M***MI*41503093100~NM1*82*2*WALNUT STREET COMMUNITY HEALTH CTR*****XX*1164431516~REF*1W*41503093100~REF*1J*MD386743~SVC*HC:T1015:GT*270.98*0****1~DTM*472*20241212~CAS*CO*18*270.98~REF*6R*001~REF*RB*FMDC~SVC*HC:99214:GT*0*0****1~DTM*472*20241212~REF*6R*002~REF*RB*FMDC~CLP*0*4*270.98*0**13*01   081525 09577 01045*11~NM1*QC*1*SHAER*ARDEN*W***MI*45903631400~NM1*IL*1*SHAER*ARDEN*W***MI*45903631400~NM1*82*2*WALNUT STREET COMMUNITY HEALTH CTR*****XX*1164431516~REF*1W*45903631400~REF*1J*MD386743~SVC*HC:T1015*270.98*0****1~DTM*472*20240816~CAS*CO*18*270.98~REF*6R*001~REF*RB*FMDC~SVC*HC:99213*0*0****1~DTM*472*20240816~REF*6R*002~REF*RB*FMDC~CLP*0*4*270.98*0**13*01   081525 09577 17740*11~NM1*QC*1*SHORB*LORRAINE****MI*44805974100~NM1*IL*1*SHORB*LORRAINE****MI*44805974100~NM1*82*2*WALNUT STREET COMMUNITY HEALTH CTR*****XX*1164431516~REF*1W*44805974100~REF*1J*MD386743~SVC*HC:T1015:GT*270.98*0****1~DTM*472*20241212~CAS*CO*18*270.98~REF*6R*001~REF*RB*FMDC~SVC*HC:99214:GT*0*0****1~DTM*472*20241212~REF*6R*002~REF*RB*FMDC~CLP*0*1*121*61.4**13*01   081525 09577 17582*11~NM1*QC*1*SMITH*JESSICA****MI*45400518100~NM1*IL*1*SMITH*JESSICA****MI*45400518100~NM1*82*2*WALNUT STREET COMMUNITY HEALTH CTR*****XX*1659926400~REF*1W*45400518100~REF*1J*MD386743~SVC*HC:90853*121*61.4**1**1~DTM*472*20241114~CAS*CO*45*59.6~REF*6R*001~REF*RB*FMDC~AMT*B6*61.4~LQ*HE*N381~CLP*0*1*270.98*270.98**13*01   081525 09577 08190*11~NM1*QC*1*WALLACE*HAEVYN****MI*11473398710~NM1*IL*1*WALLACE*HAEVYN****MI*11473398710~NM1*82*2*WALNUT STREET COMMUNITY HEALTH CTR*****XX*1295138071~REF*1W*11473398710~REF*1J*MD386743~SVC*HC:T1015*270.98*270.98**1**1~DTM*472*20241127~REF*6R*001~REF*RB*FMDC~AMT*B6*270.98~SVC*HC:99214*0*0****1~DTM*472*20241127~REF*6R*002~REF*RB*FMDC~CLP*0*4*270.98*0**13*01   081525 09577 07648*11~NM1*QC*1*WATTS*KAREEM****MI*45201016700~NM1*IL*1*WATTS*KAREEM****MI*45201016700~NM1*82*2*WALNUT STREET COMMUNITY HEALTH CTR*****XX*1487248548~REF*1W*45201016700~REF*1J*MD386743~SVC*HC:T1015*270.98*0****1~DTM*472*20241218~CAS*CO*18*270.98~REF*6R*001~REF*RB*FMDC~SVC*HC:99214*0*0****1~DTM*472*20241218~REF*6R*002~REF*RB*FMDC~CLP*0*4*270.98*0**13*01   081525 09577 08913*11~NM1*QC*1*WATTS*KAREEM****MI*45201016700~NM1*IL*1*WATTS*KAREEM****MI*45201016700~NM1*82*2*WALNUT STREET COMMUNITY HEALTH CTR*****XX*1487248548~REF*1W*45201016700~REF*1J*MD386743~SVC*HC:T1015*270.98*0****1~DTM*472*20241113~CAS*CO*18*270.98~REF*6R*001~REF*RB*FMDC~SVC*HC:99214*0*0****1~DTM*472*20241113~REF*6R*002~REF*RB*FMDC~CLP*0*4*270.98*0**13*01   081525 09577 17579*11~NM1*QC*1*WATTS*KAREEM****MI*45201016700~NM1*IL*1*WATTS*KAREEM****MI*45201016700~NM1*82*2*WALNUT STREET COMMUNITY HEALTH CTR*****XX*1487248548~REF*1W*45201016700~REF*1J*MD386743~SVC*HC:T1015*270.98*0****1~DTM*472*20241030~CAS*CO*18*270.98~REF*6R*001~REF*RB*FMDC~SVC*HC:90792*0*0****1~DTM*472*20241030~REF*6R*002~REF*RB*FMDC~CLP*0*1*0*0**13*01   081525 09577 08939*11~NM1*QC*1*WINIK-ROSSER*REBECCA*L***MI*10057838760~NM1*IL*1*WINIK-ROSSER*REBECCA*L***MI*10057838760~NM1*82*2*WALNUT STREET COMMUNITY HEALTH CTR*****XX*1972016772~REF*1W*10057838760~REF*1J*MD386743~SVC*HC:90834:GT*0*0****1~DTM*472*20241206~REF*6R*001~REF*RB*FMDC~SE*491*00001184~GE*1*1~IEA*1*669921484~
