COLPCI-5390-TEST-NOTES
======================

athena30195@dtest84 > \t;\0 ;  select * from ERABATCH where ID = 9797;
\0: 0 columns and 35 rows removed.
\0: long fields trimmed.
+---------------------------+-----------------------------------+
|ID                         |9797                               |
+---------------------------+-----------------------------------+
|RPOERAFILEID               |   302179186                       |
|STATUS                     |PROCESSING                         |
|TOTALCHARGES               |        3847.92                    |
|TOTALPAYMENTS              |          69.7                     |
|PROVIDERNUMBER             |  1366425266                       |
|CHECKNUMBER                |  0040166909                       |
|PAYMENTMETHOD              |ACH                                |
|PAYORNAME                  |Carelon Behavioral Health, Inc...  |
|ASSIGNEDTO                 |cahsramasamy3                      |
|ASSIGNED                   |2025-10-09 21:46:21                |
|SOURCEHEADERDATA           |ST*835*00001158~BPR*I*69.7*C*A...  |
|SOURCETRAILERDATA          |SE*238*00001158                    |
|PAYDATE                    |2025-09-04 00:00:00                |
|AUTOPAYMENTBATCH           |2025-09-05 09:18:22                |
|TARGETPAYMENTBATCHID       |       25460                       |
|BANKACCOUNTNUMBER          |153912215321                       |
|BANKROUTINGNUMBER          |   123000848                       |
|KICKREASONCATEGORYID       |        1666                       |
|AEGISKICKREASONCATEGORYID  |        1666                       |
|AEGISINSREPORTINGCATEGORYID|        1307                       |
|FEDERALIDNUMBER            |  1541414194                       |
|PAYORIDNUMBER              |MD5                                |
|UNIQUESTRING               |h+DdvLW2jocaVqGPDbmDfg             |
|BYTEOFFSET                 |       53752                       |
|BYTELENGTH                 |        5958                       |
|PAYEETAXIDNUMBER           |   020575163                       |
|PAYEEADDRESS               |PO BOX 37039                       |
|PAYEECITY                  |BELFAST                            |
|PAYEESTATE                 |ME                                 |
|PAYEEZIP                   |   049151212                       |
|EMCRECEIVERID              |         939                       |
|PAYMENTBATCHROUTEID        |         301                       |
|ANSIVERSIONID              |           3                       |
|CREATED                    |2025-09-02 18:19:13                |
|CREATEDBY                  |ATHENA                             |
|LASTMODIFIED               |2025-10-09 21:46:21                |
|LASTMODIFIEDBY             |ATHENA                             |
+---------------------------+-----------------------------------+
1 row selected in 0 seconds.



dabhinab@preprod512511:~/dabhinab_streams$ perl scripts/build/patch_harness.pl DTEST1 techops/collector/dailydml/20251103_145020_ERABATCH_dml.pl --allowxtest

---------------
Checking Environment
$ENV{ATHENA_HOME} set to /home/dabhinab/dabhinab_streams/prod
Is this correct? (Waiting for a y/n .. ):y
Time: 10/13/2025 04:47AM, continuing on...
Done Checking Environment
---------------


---------------
Checking Script Options Found
{
 SQLCUBEUSERPASS=>  sqlcube/sqlcube,
 ALLOWXTEST=>  1,
 ROOTUSERPASS=>  athena1/athena1,
 SQLCUBESID=>  DREPORT1,
 QUEUESID=>  DQUEUE1,
 WORKLISTENGINESID=>  DQUEUE4,
 WORKLISTENGINEUSERPASS=>  worklistengine/worklistengine,
 PROVIDERDIRECTORYSID=>  DQUEUE5,
 PATIENTIDENTITYUSERPASS=>  patientidentity/patientidentity,
 INTERFACEQUEUE01SID=>  DQUEUE2,
 ECRDIRECTSID=>  DQUEUE3,
 SCRIBE=>  DEFAULT,
 DEVROPLUSUSERPASS=>  devroplus/devroplus,
 ROOTSID=>  DTEST1,
 SKIPSNAPSHOTS=>  1,
 PATIENTIDENTITYSID=>  DQUEUE5,
 ECRDIRECTUSERPASS=>  ecrdirect/ecrdirect,
 DEVROPLUSSID=>  DQUEUE4,
 CONSUMERENGAGEMENTSID=>  DQUEUE3,
 GLOBALSCHEDULINGUSERPASS=>  globalscheduling/globalscheduling,
 PAPERCLAIMSSID=>  DQUEUE4,
 PLACEHOLDER01SID=>  DQUEUE4,
 PROVIDERDIRECTORYUSERPASS=>  providerdirectory/providerdirectory,
 GLOBALSCHEDULINGSID=>  DQUEUE5,
 AUTOCLAIMWIZARDSID=>  DQUEUE4,
 PLACEHOLDER01USERPASS=>  placeholder01/placeholder01,
 IMPORTUSERPASS=>  import/import,
 PAPERCLAIMSUSERPASS=>  paperclaims/paperclaims,
 IMPORTSID=>  DQUEUE4,
 INTERFACEQUEUE01USERPASS=>  interfacequeue01/interfacequeue01,
 AUTOCLAIMWIZARDUSERPASS=>  autoclaimwizard/autoclaimwizard,
 MASTERPATIENTINDEXUSERPASS=>  masterpatientindex/masterpatientindex,
 CONSUMERENGAGEMENTUSERPASS=>  consumerengagement/consumerengagement,
 ECOSYSTEMSID=>  DQUEUE3,
 WAREHOUSEUSERPASS=>  warehouse/warehouse,
 QUEUEUSERPASS=>  queue/queue,
 MASTERPATIENTINDEXSID=>  DQUEUE3,
 ECOSYSTEMUSERPASS=>  ecosystem/ecosystem,
 WAREHOUSESID=>  DREPORT1,
}
Is this correct? (Waiting for a y/n .. ):y
Time: 10/13/2025 04:48AM, continuing on...
Done Checking Script Options Found
---------------


---------------
Checking DXL Found
{
 PRACTICEDXL=>
         [
                {
                 DXLID=>  0,
                 MESSAGE=>  COLPCI-5221 & COLPCI-5290: Update for PAYMENTBATCHES 25120A30195 & 25460A30195,
                 DML=>
        update
          ERARECORD
        set
          CHARGEID = '1036516',
          CLAIMID = '567228',
          MATCHED = '',
          MATCHEDBY = '',
          ERADISCARDSTATUSREASONID = '',
          ERADISCARDSTATUSID = ''
        where
          ID in (145020)
      ,
                 OWNEREMAIL=>  dabhinab@athenahealth.com,SECOLPCIDev@athenahealth.com,
                 MAINTENANCESTATUS=>  MAINTENANCEON,
                 IGNOREERROR=>  ,
                 PRACTICEID=>  30195,
                },
         ],
}
Is this correct? (Waiting for a y/n ...):y
Time: 10/13/2025 04:48AM, continuing on...
Done Checking DXL Found
---------------


---------------
Running Generated Practice DML script, DXLID(s) => 0

/usr/local/bin/perl /home/dabhinab/dabhinab_streams/prod/scripts/run_script_in_all_practices.pl --parallel 3 --parallelinstances 2 --outputdir /tmp/20251103_145020_ERABATCH_dml.pl_1460308_0 --scribecategory patch_harness-DTEST1  --sqlfilter id=30195    /tmp/20251103_145020_ERABATCH_dml.pl_1460308_0_codedir/practice_MAINTENANCEON_DML_1.pl

Logging output in /tmp/20251103_145020_ERABATCH_dml.pl_1460308_0

Do you want to continue? (Waiting for a y/n ...):y
Time: 10/13/2025 04:48AM, continuing on...
Connecting to the random instance at DTEST1
Executing /tmp/20251103_145020_ERABATCH_dml.pl_1460308_0_codedir/practice_MAINTENANCEON_DML_1.pl with arguments :


Executing { { {  perl  /tmp/20251103_145020_ERABATCH_dml.pl_1460308_0_codedir/practice_MAINTENANCEON_DML_1.pl DTEST84 ATHENA30195  ; } |tee -a /tmp/20251103_145020_ERABATCH_dml.pl_1460308_0/practice_MAINTENANCEON_DML_1.pl_ATHENA30195_out |sed 's/^/[practice_MAINTENANCEON_DML_1.pl_ATHENA30195_out] /' |scribe_cat.pl --category=patch_harness-DTEST1 ; } 2>&1 ; } |tee -a /tmp/20251103_145020_ERABATCH_dml.pl_1460308_0/practice_MAINTENANCEON_DML_1.pl_ATHENA30195_err |sed 's/^/[practice_MAINTENANCEON_DML_1.pl_ATHENA30195_err] /' |scribe_cat.pl --category=patch_harness-DTEST1
ListUtil.c: loadable library and perl binaries are mismatched (got handshake key 0xc180000, needed 0xe180000)
sed: couldn't flush stdout: Broken pipe
Intercepting email (dabhinab@athenahealth.com -> dabhinab@athenahealth.com)
Done
Intercepting email (dabhinab@athenahealth.com,SECOLPCIDev@athenahealth.com -> dabhinab@athenahealth.com)
Done Running Generated Practice DML script, DXLID(s) => 0
---------------


---------------
All DML required to run while Maintenance is ON has completed!
You can begin restarting production
---------------


---------------
Completed Megapatch
---------------

Intercepting email (dabhinab@athenahealth.com -> dabhinab@athenahealth.com)
dabhinab@preprod512511:~/dabhinab_streams$ perl scripts/build/patch_harness.pl DTEST1 techops/collector/dailydml/20251103_145035_ERABATCH_dml.pl --allowxtest

---------------
Checking Environment
$ENV{ATHENA_HOME} set to /home/dabhinab/dabhinab_streams/prod
Is this correct? (Waiting for a y/n .. ):y
Time: 10/13/2025 04:48AM, continuing on...
Done Checking Environment
---------------


---------------
Checking Script Options Found
{
 SQLCUBEUSERPASS=>  sqlcube/sqlcube,
 ALLOWXTEST=>  1,
 ROOTUSERPASS=>  athena1/athena1,
 SQLCUBESID=>  DREPORT1,
 QUEUESID=>  DQUEUE1,
 WORKLISTENGINESID=>  DQUEUE4,
 WORKLISTENGINEUSERPASS=>  worklistengine/worklistengine,
 PROVIDERDIRECTORYSID=>  DQUEUE5,
 PATIENTIDENTITYUSERPASS=>  patientidentity/patientidentity,
 INTERFACEQUEUE01SID=>  DQUEUE2,
 ECRDIRECTSID=>  DQUEUE3,
 SCRIBE=>  DEFAULT,
 DEVROPLUSUSERPASS=>  devroplus/devroplus,
 ROOTSID=>  DTEST1,
 SKIPSNAPSHOTS=>  1,
 PATIENTIDENTITYSID=>  DQUEUE5,
 ECRDIRECTUSERPASS=>  ecrdirect/ecrdirect,
 DEVROPLUSSID=>  DQUEUE4,
 CONSUMERENGAGEMENTSID=>  DQUEUE3,
 GLOBALSCHEDULINGUSERPASS=>  globalscheduling/globalscheduling,
 PAPERCLAIMSSID=>  DQUEUE4,
 PLACEHOLDER01SID=>  DQUEUE4,
 PROVIDERDIRECTORYUSERPASS=>  providerdirectory/providerdirectory,
 GLOBALSCHEDULINGSID=>  DQUEUE5,
 AUTOCLAIMWIZARDSID=>  DQUEUE4,
 PLACEHOLDER01USERPASS=>  placeholder01/placeholder01,
 IMPORTUSERPASS=>  import/import,
 PAPERCLAIMSUSERPASS=>  paperclaims/paperclaims,
 IMPORTSID=>  DQUEUE4,
 INTERFACEQUEUE01USERPASS=>  interfacequeue01/interfacequeue01,
 AUTOCLAIMWIZARDUSERPASS=>  autoclaimwizard/autoclaimwizard,
 MASTERPATIENTINDEXUSERPASS=>  masterpatientindex/masterpatientindex,
 CONSUMERENGAGEMENTUSERPASS=>  consumerengagement/consumerengagement,
 ECOSYSTEMSID=>  DQUEUE3,
 WAREHOUSEUSERPASS=>  warehouse/warehouse,
 QUEUEUSERPASS=>  queue/queue,
 MASTERPATIENTINDEXSID=>  DQUEUE3,
 ECOSYSTEMUSERPASS=>  ecosystem/ecosystem,
 WAREHOUSESID=>  DREPORT1,
}
Is this correct? (Waiting for a y/n .  ):y
Time: 10/13/2025 04:48AM, continuing on...
Done Checking Script Options Found
---------------


---------------
Checking DXL Found
{
 PRACTICEDXL=>
         [
                {
                 DXLID=>  0,
                 MESSAGE=>  COLPCI-5221 & COLPCI-5290: Update for PAYMENTBATCHES 25120A30195 & 25460A30195,
                 DML=>
        update
          ERARECORD
        set
          CHARGEID = '1036533',
          CLAIMID = '567243',
          MATCHED = '',
          MATCHEDBY = '',
          ERADISCARDSTATUSREASONID = '',
          ERADISCARDSTATUSID = ''
        where
          ID in (145035)
      ,
                 OWNEREMAIL=>  dabhinab@athenahealth.com,SECOLPCIDev@athenahealth.com,
                 MAINTENANCESTATUS=>  MAINTENANCEON,
                 IGNOREERROR=>  ,
                 PRACTICEID=>  30195,
                },
         ],
}
Is this correct? (Waiting for a y/n .  ):y
Time: 10/13/2025 04:48AM, continuing on...
Done Checking DXL Found
---------------


---------------
Running Generated Practice DML script, DXLID(s) => 0

/usr/local/bin/perl /home/dabhinab/dabhinab_streams/prod/scripts/run_script_in_all_practices.pl --parallel 3 --parallelinstances 2 --outputdir /tmp/20251103_145035_ERABATCH_dml.pl_1460809_0 --scribecategory patch_harness-DTEST1  --sqlfilter id=30195    /tmp/20251103_145035_ERABATCH_dml.pl_1460809_0_codedir/practice_MAINTENANCEON_DML_1.pl

Logging output in /tmp/20251103_145035_ERABATCH_dml.pl_1460809_0

Do you want to continue? (Waiting for a y/n .  ):y
Time: 10/13/2025 04:48AM, continuing on...
Connecting to the random instance at DTEST1
Executing /tmp/20251103_145035_ERABATCH_dml.pl_1460809_0_codedir/practice_MAINTENANCEON_DML_1.pl with arguments :


Executing { { {  perl  /tmp/20251103_145035_ERABATCH_dml.pl_1460809_0_codedir/practice_MAINTENANCEON_DML_1.pl DTEST84 ATHENA30195  ; } |tee -a /tmp/20251103_145035_ERABATCH_dml.pl_1460809_0/practice_MAINTENANCEON_DML_1.pl_ATHENA30195_out |sed 's/^/[practice_MAINTENANCEON_DML_1.pl_ATHENA30195_out] /' |scribe_cat.pl --category=patch_harness-DTEST1 ; } 2>&1 ; } |tee -a /tmp/20251103_145035_ERABATCH_dml.pl_1460809_0/practice_MAINTENANCEON_DML_1.pl_ATHENA30195_err |sed 's/^/[practice_MAINTENANCEON_DML_1.pl_ATHENA30195_err] /' |scribe_cat.pl --category=patch_harness-DTEST1
ListUtil.c: loadable library and perl binaries are mismatched (got handshake key 0xc180000, needed 0xe180000)
sed: couldn't flush stdout: Broken pipe
Intercepting email (dabhinab@athenahealth.com -> dabhinab@athenahealth.com)
Done
Intercepting email (dabhinab@athenahealth.com,SECOLPCIDev@athenahealth.com -> dabhinab@athenahealth.com)
Done Running Generated Practice DML script, DXLID(s) => 0
---------------


---------------
All DML required to run while Maintenance is ON has completed!
You can begin restarting production
---------------


---------------
Completed Megapatch
---------------

Intercepting email (dabhinab@athenahealth.com -> dabhinab@athenahealth.com)







athena30195@dtest84 > \t ;  \0 ;  select * from ERABATCH where ID = 9797;
\0: 0 columns and 35 rows removed.
\0: long fields trimmed.
+---------------------------+-----------------------------------+
|ID                         |9797                               |
+---------------------------+-----------------------------------+
|RPOERAFILEID               |   302179186                       |
|STATUS                     |POSTED                             |
|TOTALCHARGES               |        3847.92                    |
|TOTALPAYMENTS              |          69.7                     |
|PROVIDERNUMBER             |  1366425266                       |
|POSTED                     |2025-10-13 04:51:10                |
|POSTEDBY                   |aduttagupta                        |
|CHECKNUMBER                |  0040166909                       |
|PAYMENTMETHOD              |ACH                                |
|PAYORNAME                  |Carelon Behavioral Health, Inc...  |
|SOURCEHEADERDATA           |ST*835*00001158~BPR*I*69.7*C*A...  |
|SOURCETRAILERDATA          |SE*238*00001158                    |
|PAYDATE                    |2025-09-04 00:00:00                |
|AUTOPAYMENTBATCH           |2025-09-05 09:18:22                |
|TARGETPAYMENTBATCHID       |       25460                       |
|BANKACCOUNTNUMBER          |153912215321                       |
|BANKROUTINGNUMBER          |   123000848                       |
|KICKREASONCATEGORYID       |        1666                       |
|AEGISKICKREASONCATEGORYID  |        1666                       |
|AEGISINSREPORTINGCATEGORYID|        1307                       |
|FEDERALIDNUMBER            |  1541414194                       |
|PAYORIDNUMBER              |MD5                                |
|UNIQUESTRING               |h+DdvLW2jocaVqGPDbmDfg             |
|BYTEOFFSET                 |       53752                       |
|BYTELENGTH                 |        5958                       |
|PAYEETAXIDNUMBER           |   020575163                       |
|PAYEEADDRESS               |PO BOX 37039                       |
|PAYEECITY                  |BELFAST                            |
|PAYEESTATE                 |ME                                 |
|PAYEEZIP                   |   049151212                       |
|EMCRECEIVERID              |         939                       |
|PAYMENTBATCHROUTEID        |         301                       |
|ANSIVERSIONID              |           3                       |
|CREATED                    |2025-09-02 18:19:13                |
|CREATEDBY                  |ATHENA                             |
|LASTMODIFIED               |2025-10-13 04:51:10                |
|LASTMODIFIEDBY             |aduttagupta                        |
+---------------------------+-----------------------------------+
1 row selected in 0 seconds.